@article{faiss,
  title     = {Billion-scale similarity search with {GPUs}},
  author    = {Johnson, Jeff and Douze, Matthijs and J{\'e}gou, Herv{\'e}},
  journal   = {IEEE Transactions on Big Data},
  volume    = {7},
  number    = {3},
  pages     = {535--547},
  year      = {2019},
  publisher = {IEEE}
}

@article{hu2021lora,
  title   = {Lora: Low-rank adaptation of large language models},
  author  = {Hu, Edward J and Shen, Yelong and Wallis, Phillip and Allen-Zhu, Zeyuan and Li, Yuanzhi and Wang, Shean and Wang, Lu and Chen, Weizhu},
  journal = {arXiv preprint arXiv:2106.09685},
  year    = {2021}
}

@article{jurafsky,
  title  = {Speech and Language Processing},
  author = {Jurafsky, Dan and Martin, H. James },
  year   = {2023}
}

@book{lin2022pretrained,
  title     = {Pretrained transformers for text ranking: Bert and beyond},
  author    = {Lin, Jimmy and Nogueira, Rodrigo and Yates, Andrew},
  year      = {2022},
  publisher = {Springer Nature}
}

@misc{raft,
  title     = {Rapidsai/raft: RAFT contains fundamental widely-used algorithms and primitives for data science, Graph and machine learning.},
  url       = {https://github.com/rapidsai/raft},
  journal   = {GitHub},
  publisher = {Nvidia RAPIDS},
  author    = {Rapidsai},
  year      = {2022}
}

@article{robertson1995okapi,
  title     = {Okapi at TREC-3},
  author    = {Robertson, Stephen E and Walker, Steve and Jones, Susan and Hancock-Beaulieu, Micheline M and Gatford, Mike and others},
  journal   = {Nist Special Publication Sp},
  volume    = {109},
  pages     = {109},
  year      = {1995},
  publisher = {National Instiute of Standards \& Technology}
}

@article{salton1975vector,
  title     = {A vector space model for automatic indexing},
  author    = {Salton, Gerard and Wong, Anita and Yang, Chung-Shu},
  journal   = {Communications of the ACM},
  volume    = {18},
  number    = {11},
  pages     = {613--620},
  year      = {1975},
  publisher = {ACM New York, NY, USA}
}

@article{salton1988term,
  title     = {Term-weighting approaches in automatic text retrieval},
  author    = {Salton, Gerard and Buckley, Christopher},
  journal   = {Information processing \& management},
  volume    = {24},
  number    = {5},
  pages     = {513--523},
  year      = {1988},
  publisher = {Elsevier}
}

@article{zhu2023large,
  title   = {Large Language Models for Information Retrieval: A Survey},
  author  = {Zhu, Yutao and Yuan, Huaying and Wang, Shuting and Liu, Jiongnan and Liu, Wenhan and Deng, Chenlong and Dou, Zhicheng and Wen, Ji},
  journal = {arXiv preprint arXiv:2106.09685},
  year    = {2023}
}
